1518 2574
171 61 223 99 16
231 71 258 110 4

160 118 252 155 Deo
280 119 387 167 patris
415 115 460 153 sui
493 116 613 159 Isaac,
631 115 731 156 audi-

162 173 216 207 vit
242 182 323 206 eum
356 181 418 219 per
458 167 631 207 visionem
667 185 733 208 no-

160 222 228 259 &is
255 234 450 259 vocantem
477 222 533 264 se,
558 227 593 260 &
619 223 734 260 dicen-

159 286 236 311 tem
252 271 309 311 fibi
327 288 335 310 :
352 274 468 314 Jacob
483 302 492 317 ,
511 274 642 315 Jacob.
664 277 733 314 Cui

160 326 360 378 respondit:
390 327 486 370 Ecce
510 327 643 365 adsum.
668 331 734 366 Ait

158 381 209 416 illi
236 379 361 416 Deus:
391 380 475 431 Ego
496 379 573 417 sum
588 380 730 417 fortiffi-

159 445 239 469 mus
259 432 362 470 Deus
379 437 485 485 patris
507 436 574 471 tui;
595 436 669 470 noli
693 437 736 470 ti-

162 485 260 522 mere
273 512 282 526 ,
294 485 457 523 descende
471 489 504 522 in
520 486 615 537 AEgy
622 499 735 536 ptum,

160 540 242 591 quia
268 541 301 575 in
323 551 464 591 gentem
490 551 661 589 magnam
685 537 734 574 fa-

160 595 258 628 ciam
286 603 320 627 te
343 594 401 628 ibi.
426 591 510 642 Ego
526 590 734 628 descendam

157 657 279 681 tecum
297 645 396 684 illuc,
426 648 460 680 ὅ(
485 656 553 695 ego
572 644 648 681 inde
674 643 735 680 ad-

159 694 292 735 dt'lcam
321 710 353 733 te
380 709 639 733 revertentem:
668 696 736 736 Jo-

157 749 242 800 {eph
279 761 421 801 quoque
463 762 571 799 ponet
609 762 735 786 manus

158 802 234 839 suas
260 801 359 852 super
383 800 509 838 oculos
533 814 627 838 tuos.
653 801 734 839 Sur-

157 858 246 892 rexit
271 867 389 891 autem
428 853 546 894 Jacob
580 853 601 890 a
627 852 733 905 pi‘iteo

157 910 351 956 juramenti
366 920 377 946 5
406 909 625 959 tuleruntque
652 921 733 943 eum

157 959 226 997 filii
256 973 338 996 cum
374 959 526 1011 parvulis
550 964 584 996 &
610 958 731 996 uxori-

158 1017 223 1051 bus
249 1012 313 1049 suis
335 1016 369 1049 in
398 1012 556 1063 plaustris
578 1025 654 1063 qua:
666 1010 734 1049 mi-

157 1067 250 1103 serat
273 1064 422 1103 Pharao
452 1065 494 1102 ad
519 1066 734 1116 portandum

158 1118 279 1157 senem
298 1146 306 1160 2
328 1123 362 1155 &
383 1117 504 1155 Omnia
525 1131 601 1170 quae
624 1115 734 1170 poise-

159 1172 260 1210 demt
286 1175 319 1208 in
344 1184 436 1208 terra
454 1170 632 1209 Chanaan
648 1186 656 1208 :
672 1185 734 1209 ve-

159 1229 280 1276 nitque
291 1228 324 1260 in
342 1225 544 1276 AEgyptum
555 1237 638 1260 cum
654 1237 737 1260 om-

162 1282 196 1314 ni
223 1277 354 1314 [emine
381 1277 463 1320 suo,
499 1275 563 1313 filii
583 1278 674 1324 ejus,
702 1281 736 1313 δε

161 1330 329 1381 nepote&
354 1328 465 1372 filiae,
492 1334 524 1367 &
547 1329 673 1366 cuneta
700 1328 738 1365 fi-

161 1385 236 1420 mul
263 1382 465 1435 progenies.

215 1447 265 1483 ιφ.
283 1436 407 1476 ,Ἰωτέινί
427 1443 518 1483 146.
543 1444 545 1450 “

230 1488 351 1527 LeHio
382 1488 425 1537 ij.
485 1488 573 1537 Cap.
609 1501 672 1535 47.

164 1538 392 1634 INgreisus
404 1554 492 1594 ergo
507 1541 527 1582 J
533 1540 639 1592 oseph
653 1554 736 1578 nun-

217 1595 319 1634 tiavit
345 1594 531 1632 Pharaoni
549 1621 557 1636 ,
592 1594 734 1631 dicens:

163 1649 274 1686 Pater
291 1661 389 1685 meus
409 1652 443 1684 &
471 1646 600 1684 fratres
614 1673 622 1689 ‚
650 1659 736 1683 oves

163 1701 293 1739 eorum
312 1706 345 1738 &
363 1713 545 1741 armenta,
561 1704 594 1736 &
609 1700 736 1736 cuneta

162 1767 242 1807 quae
282 1753 452 1804 possident
484 1752 659 1791 venerunt
696 1752 738 1789 de

163 1821 259 1845 terra
279 1806 454 1844 Chanaan
471 1819 480 1844 3
497 1809 531 1841 &
551 1818 635 1858 eece
651 1818 737 1841 con-

165 1859 284 1897 sistunt
311 1863 344 1896 in
372 1872 465 1896 terra
497 1857 639 1894 Geflcn.
667 1858 738 1894 Ex-

163 1912 304 1951 tremos
323 1924 464 1964 quoque
488 1909 640 1947 fratrum
664 1908 739 1946 suo-
760 1911 764 1914 ”

163 1980 246 2003 rum
264 1969 417 2018 quinque
431 1968 530 2001 viros
551 1961 737 2000 constituit

164 2031 295 2056 coram
315 2030 415 2069 rege3
443 2023 532 2067 quos
551 2017 606 2052 ille
635 2020 737 2052 inter·

166 2070 337 2123 rogavit:
372 2068 469 2122 Quid
500 2067 634 2105 habetis
658 2068 739 2120 ope-

163 2129 231 2163 ris?
250 2121 547 2175 Responderunt:
572 2120 739 2158 pastores

163 2177 294 2221 ovium
323 2177 440 2217 sumus
471 2173 569 2239 fervi
602 2176 674 2219 tui,
703 2178 737 2212 ὅ(

429 2240 484 2290 ἦέ,

479 51 670 99 Sabbato
706 56 805 114 post
836 57 1023 102 Cineres.

770 132 835 156 nos
861 125 894 156 δε
920 133 1031 171 pattes
1054 119 1259 161 nosti·i.Ad
1285 137 1346 176 pe-

768 173 1020 223 regrinandum
1042 178 1074 211 in
1094 187 1189 212 terra
1205 188 1263 213 tua
1282 178 1347 215 ve-

769 228 902 263 nimus3
928 225 1099 277 quoniam
1116 240 1188 264 non
1203 227 1253 265 est
1265 228 1345 267 hei·-

768 279 811 312 ba
839 277 1006 329 gregibus
1035 278 1224 317 servorum
1259 281 1337 319 tuo·

769 342 870 372 rum,
898 331 1163 382 ingravescente
1183 331 1282 370 fame
1307 337 1343 371 in

770 395 864 418 terra
893 382 1093 421 Chanaan:
1128 385 1345 438 petimusque

767 447 803 470 ut
819 431 881 471 ess'e
904 449 969 472 nos
988 434 1107 484 jt'ibeas
1122 437 1247 475 servos
1263 451 1343 475 tuos

768 489 802 523 in
818 498 912 524 terra
933 484 1076 526 Gess'en.
1099 490 1208 527 Dixit
1222 488 1342 542 itaque

770 552 830 575 rex
870 540 913 577 ad
944 539 1103 591 Joseph:
1129 543 1237 580 Pater
1265 556 1343 580 tuus

769 595 803 628 &
824 590 950 629 fratres
967 597 1015 630 tui
1039 591 1211 632 venerunt
1227 595 1272 633 ad
1295 609 1342 633 te.

769 642 885 682 Terra
915 645 1066 697 AEgypti
1089 650 1124 683 in
1150 647 1342 699 conspeetu

768 709 829 733 tuo
844 695 918 733 est:
947 701 982 734 in
1004 697 1146 749 optimo
1165 700 1253 737 loco
1276 699 1336 738 fac

767 762 828 786 eos
846 749 1003 787 habitare
1019 778 1026 793 ‚
1043 755 1077 787 &
1094 753 1193 789 trade
1207 756 1254 790 eis
1275 766 1343 790 ter-

769 814 849 838 ram
877 800 1022 840 Geffen.
1057 802 1168 856 Quod
1197 805 1219 842 si
1249 804 1343 843 nosti

768 858 802 891 in
832 858 878 891 eis
905 852 968 892 effe
1002 860 1102 894 viros
1133 856 1342 900 immisti-ios,

768 905 943 945 constitue
971 910 1051 945 illos
1076 909 1269 961 magistros
1288 911 1344 961 pe·

769 973 899 997 corum
930 960 1111 998 meorum.
1144 960 1235 999 Post
1266 961 1342 1000 haec

768 1014 958 1050 introduxit
1014 1013 1148 1066 Joieph
1201 1027 1340 1066 patrem

767 1065 865 1102 {uum
896 1066 939 1103 ad
967 1078 1115 1118 regem,
1155 1071 1188 1104 &
1224 1066 1341 1105 statuit

768 1131 848 1155 eum
874 1131 1002 1155 coram
1026 1133 1090 1159 eo3
1117 1123 1173 1172 qui
1199 1119 1342 1158 benedi-

769 1184 850 1209 cens
873 1173 921 1208 illi
940 1198 950 1213 ,
979 1176 1014 1209 &
1032 1172 1271 1225 interrogatus
1297 1177 1342 1211 ab

770 1237 813 1260 eo
829 1239 838 1261 :
864 1223 967 1276 Quot
983 1225 1059 1262 sunt
1074 1226 1143 1263 dies
1163 1225 1342 1264 annorum

769 1280 851 1315 vitae
887 1286 979 1315 tuae?
1013 1277 1218 1329 respondit:
1251 1279 1344 1316 Dies

771 1329 1064 1381 peregrinationis
1088 1344 1177 1367 meae
1198 1344 1340 1368 centum

770 1386 914 1434 triginta
929 1382 1107 1419 annorum
1123 1384 1200 1420 sunt
1213 1411 1222 1425 ,
1242 1388 1343 1434 parvi

771 1440 805 1472 &
828 1437 935 1474 mali3
960 1439 994 1471 &
1012 1449 1084 1471 non
1106 1436 1342 1486 pervenerunt

770 1486 876 1539 nsque
909 1488 952 1525 ad
976 1487 1046 1525 dies
1078 1501 1217 1539 patrum
1246 1488 1345 1526 meo-

770 1554 850 1577 rum
865 1567 873 1583 ,
889 1543 1009 1592 quibus
1024 1540 1236 1593 peregrinati
1254 1540 1342 1578 sunt.

770 1594 819 1630 Et
847 1593 1029 1630 benedicto
1060 1606 1167 1646 rege,
1196 1590 1344 1646 egrcsshs

770 1645 820 1682 est
842 1645 953 1683 foras.

822 1709 869 1745 ξι.
900 1697 1018 1736 Pbsui.
1061 1707 1146 1746 146.

960 1749 1082 1789 Lec't'z'o
1110 1752 1165 1801 iij.

770 1803 899 1841 Lefflo
929 1804 1040 1841 saneti
1076 1804 1266 1857 Evangelii
1297 1804 1344 1842 se-

871 1857 1028 1894 cundtim
1059 1857 1248 1896 Marcum.

988 1908 1077 1960 Cap.
1093 1918 1128 1947 6.

826 1962 943 1998 Nino
962 1961 1126 2013 tempore
1140 1977 1149 2003 5
1166 1963 1266 2001 Abiit
1277 1963 1340 2004 Je-

824 2013 874 2051 sus
893 2018 927 2051 in
956 2027 1120 2051 montem
1150 2015 1267 2053 orare.
1293 2017 1343 2053 Et

772 2068 857 2103 clim
884 2065 961 2103 sero
979 2064 1056 2103 ess'et
1070 2094 1078 2107 ,
1101 2081 1175 2105 erat
1191 2072 1289 2105 navis
1308 2072 1343 2105 in
1359 2090 1361 2092 ν

773 2120 892 2157 medio
913 2122 1004 2156 mari
1018 2145 1027 2161 ‚
1056 2124 1090 2155 &
1115 2119 1184 2171 ipse
1202 2120 1294 2159 solus
1308 2125 1345 2158 in

772 2185 878 2212 terra.
906 2172 955 2212 Et
978 2171 1127 2223 reliqua.
