1554 2594
207 118 270 154 xiv
299 150 304 156 .

539 113 772 154 Rubricatum
794 115 1013 165 generalium

207 168 302 212 plicis
341 165 529 201 terminatur
560 169 598 200 ad
620 169 779 208 ·Nonam;
820 167 963 201 visitatio
1005 169 1108 200 beatae
1153 166 1266 201 Mariae
1304 166 1388 205 lutet

207 224 313 257 neque
343 213 428 244 Feria
461 212 562 263 potest
588 225 778 248 concurrere

209 270 281 291 cum
300 257 406 295 feria,
425 259 496 300 quia
516 258 602 290 Feria
622 271 778 304 nunquam

207 304 303 337 habet
327 302 441 344 primas
461 302 627 346 Veiptras.

254 361 283 388 4.
298 348 354 379 Si
348 359 377 378 in
389 346 550 380 crastinum
570 349 646 382 Festi
659 350 780 394 Simpli

210 394 254 426 εἰς
275 393 312 423 de
331 392 416 427 Feria
433 390 505 430 fiat,
521 394 675 437 Vesperae
686 406 779 428 erunt

208 439 364 476 FetialeS,
379 449 439 470 non
458 438 541 481 quod
559 440 644 471 Feria
666 441 779 472 habent

208 484 324 528 primas
343 483 522 525 Vesperas,
542 484 592 516 sed
610 485 681 527 quia
701 484 782 517 Offi-

207 530 291 562 cium
310 528 404 560 Feriae
422 529 463 559 ibi
483 528 615 572 incipit,
630 530 682 562 ubi
702 543 779 573 prae-

208 575 326 607 cedens
342 571 493 605 Officium
513 574 630 606 desinit.
651 574 683 606 Si
702 574 780 607 νει-ὸ

208 620 270 651 duo
286 618 369 650 Festa
386 619 565 662 Simplicia'
557 620 694 651 invicem
711 621 778 652 sub—

207 665 374 706 sequantur
393 686 402 700 ,
453 663 522 696 ct'im
571 665 779 708 praecedentis

207 708 362 743 Officium
383 709 570 741 terminetur
586 711 624 742 ad
638 711 758 742 Nonam
770 733 778 748 ‚

208 755 243 787 &
276 753 428 786 Officium
461 756 616 795 loquentis
650 755 780 797 incipiat

205 799 328 833 tantum
350 802 364 830 a
412 801 532 840 apit.«lo
550 799 776 841 Vesperzrtim,

206 845 368 878 sumentur
393 844 498 877 Psalmi
532 849 560 875 ὁ(
592 846 780 888 Antiphonae

207 891 344 924 Feriales
376 899 410 921 ut
438 891 467 922 in
489 890 658 928 psalterio,
687 892 780 934 alque

207 936 247 968 ad
269 936 463 977 Capitulum.

259 991 285 1019 5.
324 980 526 1021 Semiduplici
562 989 668 1012 autem
708 992 779 1013 cum

206 1025 358 1068 sequente
390 1024 592 1068 Semiduplici
605 1048 613 1062 ,
645 1034 700 1057 aut
731 1026 779 1057 die

209 1071 291 1102 intra
307 1069 461 1101 Oftavam
477 1070 561 1102 tertii
578 1071 692 1102 ordinis
710 1082 783 1103 con-

208 1123 357 1146 currente
369 1138 377 1152 ,
397 1114 545 1158 Velperae
565 1114 634 1147 sunt
651 1116 688 1146 de
702 1127 779 1157 prae-

209 1160 344 1192 cedente
363 1159 456 1201 usque
471 1160 507 1190 ad
524 1159 706 1202 Capitulum
723 1172 781 1191 ex-

209 1203 325 1236 clusive
344 1216 354 1236 .·
379 1206 396 1235 a
417 1206 568 1246 Capitulo
588 1214 693 1236 autem
711 1204 780 1237 sunt

210 1250 248 1280 de
266 1249 434 1293 sequente,
454 1261 524 1280 cum
542 1254 780 1283 Commemora-

208 1295 296 1327 tione
320 1295 540 1337 praecedentis.

256 1339 286 1371 6.
299 1338 382 1371 Idem
397 1338 438 1370 est
459 1339 496 1371 de
516 1338 645 1382 Duplici
660 1339 779 1372 minore

209 1396 280 1416 cum
301 1384 451 1427 sequente
478 1384 609 1427 Duplici
635 1385 776 1416 minore·
768 1408 778 1422 ,

209 1430 243 1461 ὃ(
262 1429 302 1462 fic
324 1430 361 1462 de
379 1429 446 1461 aliis
465 1441 533 1473 quae
556 1430 624 1462 sunt
652 1430 778 1473 aequalis

208 1475 293 1507 inter
316 1474 346 1506 se
370 1475 492 1518 gradus.

251 1531 284 1561 7.
307 1519 516 1562 Excipiuntur
544 1520 581 1551 ab
612 1521 672 1554 hoc
696 1522 778 1554 ordi-

203 1566 293 1597 nario
323 1565 407 1597 Festa
438 1565 675 1608 Apostolorum,
706 1578 775 1609 quae

204 1611 328 1642 ratione
367 1610 527 1654 dignitatis
549 1633 559 1646 ,
596 1611 626 1642 in
664 1613 774 1654 aequali

206 1655 304 1696 gradu
329 1654 421 1698 super
443 1656 573 1687 aliorum
592 1655 773 1689 Sannorum

205 1700 292 1731 festa
313 1723 323 1736 ‚
360 1700 452 1732 etiam
490 1699 774 1744 Evangelistarum3

204 1744 289 1777 festa
322 1745 413 1777 sancii
445 1744 573 1778 Joannis
610 1746 774 1790 Baptistae,

202 1801 274 1832 quae
304 1789 395 1832 super
423 1789 663 1832 Apostolorum,
690 1791 776 1823 ideo-

203 1845 265 1877 que
282 1835 434 1872 aliorum3
460 1835 543 1867 festa
562 1837 773 1879 Angelorum,

200 1891 271 1922 quae
298 1880 391 1923 super
415 1880 506 1911 sanffl
538 1879 666 1913 Ioannis
694 1882 776 1924 Bap-

201 1924 279 1956 tistae
304 1925 336 1957 &
365 1925 601 1968 Apostolorum,
621 1938 691 1958 cum
706 1927 772 1959 aliis

200 1969 294 2001 festis
321 1970 421 2006 beatae
439 1970 568 2008 Mariae,
592 1982 662 2014 quae
680 1971 773 2014 super

200 2014 337 2046 omnium
353 2016 622 2059 praecedentit1m3
637 2016 669 2048 ὃ(
688 2016 772 2048 Festa

199 2059 355 2098 Domini,
387 2072 454 2103 quae
490 2061 582 2103 super
613 2072 772 2103 quaecum·

197 2115 279 2147 que,
299 2104 456 2148 Vesperas
482 2106 600 2137 habent
621 2106 770 2149 integras.

198 2149 282 2181 Festa
297 2149 410 2183 Crucis
428 2173 436 2188 ,
447 2151 478 2182 ὅ(
493 2150 594 2182 fimilia
606 2173 614 2188 ‚
631 2151 770 2194 itemque

197 2194 369 2227 Dedicatio
400 2195 568 2234 Ecclefiae,
594 2196 771 2228 Annuntia-

191 2239 238 2272 tio
256 2262 268 2278 ,
300 2239 505 2274 Praesentatio
544 2241 698 2280 Domini,
735 2242 767 2275 &

812 212 895 247 Festa
914 213 1042 245 Domini
1058 223 1270 245 numerantur.

855 258 884 290 8.
915 258 1050 300 Quando
1073 259 1139 290 dies
1165 258 1288 290 octava
1314 256 1387 291 Pas·

811 303 876 334 chae
890 315 960 334 curn
976 303 1161 336 Inventione
1184 303 1298 335 Crucis
1311 313 1387 337 con·

811 348 925 384 currit,
952 348 981 379 δι
1001 349 1067 379 dies
1091 347 1212 379 Ot‘lava
1232 348 1388 390 Corporis

816 392 927 423 christi
958 403 1029 424 cum
1053 392 1235 424 Vifitatione
1261 393 1296 426 B.
1314 395 1389 424 Ma-

813 436 885 475 the,
907 437 1057 480 Vel'perae
1079 438 1224 469 dicuntur
1253 438 1386 481 integra

814 483 851 513 de
883 492 1012 524 utraque
1041 482 1163 514 Oetava
1186 494 1256 514 cum
1287 482 1388 514 Com-

814 528 1037 558 memoratione
1050 528 1088 558 de
1103 527 1262 570 sequenti,
1280 539 1387 570 quam·

814 571 861 602 vis
890 571 943 602 lint
967 572 1035 602 liaec
1059 572 1144 603 Festa
1165 572 1303 613 ejusdem
1317 584 1386 615 gra·

813 615 867 648 dtis
877 616 907 647 δι
919 616 1092 658 dignitatis5
1099 616 1170 658 quia
1181 617 1313 648 UClavae
1323 619 1386 651 111ae

812 661 873 692 ritu
900 660 982 704 quasi
1008 660 1147 692 Solemni
1171 662 1386 695 celebrantur.

857 714 887 747 9.
910 696 964 736 De
993 706 1128 737 Annuali
1146 704 1225 738 vero
1250 717 1387 739 concur-

812 760 901 782 rente
919 762 990 783 cum
1007 750 1198 793 Epiphania,
1218 751 1389 784 Praesenta-

813 796 897 827 tione
920 817 929 832 ,
961 795 1234 835 Annuntiatione,
1265 795 1388 830 Ascen-

812 838 893 872 stone
910 839 1057 877 Domini,
1077 849 1131 872 aut
1150 840 1238 872 festo
1260 844 1388 883 Corpo-

813 887 855 917 ris
873 885 1003 923 Christi,
1033 884 1068 917 fit
1098 886 1159 917 sola
1185 888 1390 919 Commemo-

814 930 914 967 ratio,
937 929 999 962 sive
1028 930 1058 961 in
1094 930 1223 973 primis,
1256 928 1320 962 live
1353 931 1386 964 in

813 975 952 1007 secundis
970 976 1132 1017 Vesperis.

862 1030 911 1053 10.
939 1020 1143 1063 semiduplici
1177 1028 1285 1053 autem
1309 1030 1388 1052 con-

812 1074 959 1098 currente
974 1077 1045 1098 cum
1060 1074 1207 1108 [equente
1226 1064 1388 1108 Simplici,

813 1120 867 1143 aut
882 1111 1012 1154 Duplici
1033 1122 1104 1142 cum
1123 1110 1272 1153 sequente
1287 1111 1385 1142 >emi-

813 1156 930 1198 duplici
947 1158 998 1188 vel
1012 1156 1170 1198 Simplici,
1183 1165 1237 1188 aut
1252 1154 1386 1196 Duplici

814 1200 931 1242 majore
958 1213 1030 1233 cum
1068 1202 1219 1242 sequente
1249 1200 1384 1242 Duplici

812 1247 932 1278 minore
962 1247 994 1278 ὃ(
1023 1246 1100 1277 infra
1115 1267 1126 1282 ,
1149 1245 1297 1288 Vesperae
1315 1250 1387 1277 lunt

813 1290 850 1323 de
878 1292 1080 1333 praecedente
1097 1313 1106 1328 ,
1140 1301 1210 1322 cum
1239 1293 1386 1323 Comme-

812 1338 985 1368 moratione
1021 1336 1189 1378 sequentis.
1229 1338 1349 1367 Contra
1373 1356 1386 1374 ,

811 1380 882 1412 Sem
897 1381 1014 1424 duplici
1058 1388 1269 1413 concurrente
1309 1391 1383 1412 cum

812 1425 962 1468 sequente
990 1425 1143 1468 Duplici,
1172 1433 1226 1456 aut
1248 1424 1382 1468 Duplici

812 1482 929 1503 minore
960 1482 1030 1502 cum
1064 1471 1213 1513 sequente
1249 1469 1383 1512 Duplici

810 1515 951 1556 majore,
982 1516 1134 1558 Vesperae
1162 1514 1230 1546 sunt
1264 1482 1325 1545 dep
1338 1515 1386 1545 se·

808 1570 925 1604 quente
939 1584 949 1599 ,
978 1572 1050 1592 cum
1072 1560 1381 1594 Commemoratione

808 1607 1036 1648 praecedenti53
1063 1606 1094 1636 δὲ
1114 1604 1150 1636 fic
1171 1605 1208 1636 de
1226 1606 1291 1635 aliis
1307 1616 1379 1647 quae

807 1651 874 1683 sunt
893 1652 1054 1694 inaequalis
1072 1652 1154 1682 inter
1174 1651 1202 1682 se
1219 1649 1340 1693 gradu&

855 1697 1000 1739 11.Quid
1013 1696 1191 1729 faciendum
1208 1695 1241 1726 lit
1258 1696 1288 1726 in
1306 1694 1383 1726 Ves-

809 1743 910 1783 peris,
927 1744 1049 1783 quando
1073 1741 1242 1773 Dominica
1259 1740 1381 1782 quaevis

809 1790 969 1820 concurrit
989 1799 1060 1820 cum
1076 1786 1163 1818 Fcsso
1182 1785 1313 1828 Duplici
1326 1785 1380 1818 seu

807 1832 951 1865 festivato
966 1855 975 1870 ,
994 1834 1047 1864 seu
1066 1843 1126 1863 non
1150 1830 1292 1863 festivate
1306 1853 1315 1868 ,
1338 1830 1378 1863 de

807 1889 870 1921 quo
888 1879 941 1911 fiat
961 1877 1134 1914 Officium,
1152 1878 1202 1909 vel
1223 1876 1378 1913 Sabbato,

805 1924 856 1954 vel
888 1924 977 1957 Feria
1003 1922 1154 1960 secunda,
1182 1921 1296 1955 dietum
1331 1921 1376 1954 est

804 1968 918 2012 supra,
936 1974 1017 2013 Cap.
1040 1969 1096 2001 VL
1119 1979 1203 2002 num.
1224 1979 1255 2007 7.

871 2016 897 2047 C
927 2025 948 2047 Α
976 2026 993 2047 P
1021 2025 1045 2046 υ
1076 2024 1099 2046 τ
1153 2014 1182 2046 Χ
1206 2013 1217 2044 l
1241 2012 1255 2043 1
1279 2012 1308 2046 1.

872 2061 925 2093 De
957 2059 1163 2093 Orcum-entia
1184 2058 1305 2102 Officii.

808 2115 836 2138 ι.
932 2106 1122 2138 Ccurrentia
1136 2104 1308 2137 attenditur
1328 2103 1376 2136 in-

932 2160 980 2182 ter
1022 2150 1139 2185 Officia
1183 2160 1252 2193 quae
1287 2148 1373 2181 limul

802 2197 911 2229 eodem
940 2197 989 2227 die
1015 2205 1208 2228 occurrunt:
1230 2194 1310 2236 saepe
1337 2193 1380 2235 fig

802 2243 884 2275 enim
910 2251 945 2275 ut
965 2253 1028 2274 uno
1049 2243 1222 2284 eodemque
1243 2240 1292 2273 c'ie
1317 2251 1375 2274 oc·
