1554 2594
197 62 223 110 ij
522 59 752 100 Rubricatum
780 62 997 106 generalium

194 114 269 147 vide
287 112 373 147 Part.
388 112 443 145 ΙΙΙ.
461 111 544 156 Cap.
566 113 623 147 IX.
638 126 723 147 num.
736 127 767 156 7.

240 160 272 192 8.
286 160 334 191 Ad
344 159 466 191 Laudes
479 159 676 198 Matutinas;
693 160 771 192 Psal-

193 205 238 236 mi
261 204 500 242 Dominicales‚
523 215 664 248 excepto
684 210 771 238 Can-

194 251 262 282 tico
288 248 494 287 Bonae-licite,
518 249 609 292 cujus
632 252 704 283 loco
723 252 768 282 di-

193 296 279 327 citur
302 293 482 336 proprium,
503 293 523 325 si
539 295 714 334 humatum
733 297 766 328 ὅ(

194 349 271 372 tunc
286 339 402 371 dicitur
413 339 506 371 etiam
520 351 578 382 per
589 340 744 373 Oflavam
754 365 764 380 .

194 395 269 416 cum
298 383 420 416 Psalmis
444 385 482 417 de
508 385 620 422 feria,
640 387 764 429 quando

194 429 231 461 fit
253 429 291 460 de
318 428 457 462 Oilava.

238 483 272 515 9.
298 474 347 506 Ad
367 473 497 507 Primam
511 498 520 511 ,
543 475 609 519 post
631 475 765 510 psalmos

193 520 248 562 qui
280 518 349 552 sunt
389 520 427 551 de
454 520 646 558 Dominica‚
682 524 763 565 (sed

191 565 307 608 absque
331 566 483 608 symbolo
502 565 710 611 Quicumque)
730 568 763 599 ὅ(

189 609 410 652 Antiphonam
433 622 504 653 quae
531 611 629 654 prima
661 611 704 641 est
726 611 763 642 de

123 666 126 669 ·
191 654 375 693 Laudibus,
399 665 515 688 caetera
550 656 587 687 de
616 655 764 688 psalterio

190 699 366 732 sumuntur.

240 757 290 777 10.
316 746 364 776 Ad
381 745 546 781 Tertiam,
573 745 702 778 Sextam
729 746 763 778 δι

191 793 341 827 Nouam,
366 790 475 822 Psalmi
505 791 544 821 de
569 791 739 823 Dominicfi
755 815 763 829 ,

193 848 230 869 ut
255 836 292 866 ad
322 834 466 867 Primam>
492 835 526 867 In
547 835 763 879 Responsoriis

192 880 345 913 brevibus
373 880 496 913 additur
527 880 573 912 bis
602 882 763 920 Alleluia,

190 928 406 969 praeterquam
429 928 446 957 ἐι
464 926 700 970 Septuagefima
727 928 765 960 ad

193 971 322 1005 Pascha.

241 1028 296 1050 ιι.
327 1017 377 1048 Ad
410 1016 560 1049 secundas
600 1018 764 1063 Vesperas

191 1061 304 1094 Psalmi
328 1062 470 1105 proprii,
501 1064 763 1108 quandocumque

190 1107 315 1150 proprii
338 1107 409 1139 diffl
431 1115 524 1138 erunt
554 1109 591 1139 ad
611 1108 763 1142 Officium

191 1153 330 1191 Nostis;
352 1152 426 1183 alias
456 1152 494 1184 de
522 1152 694 1187 Dominicn
717 1156 766 1187 su-

191 1207 332 1230 meritur.

240 1254 289 1277 12.
306 1243 354 1274 Ad
381 1243 661 1285 completorium,
682 1244 765 1277 Psal-

194 1289 236 1320 mi
254 1288 286 1320 ὅ(
309 1289 492 1331 Capitulum
513 1289 550 1320 de
575 1289 763 1323 Dominica:

194 1341 313 1367 caetera
334 1343 368 1366 ut
391 1334 421 1365 in
434 1334 552 1376 vigilia
567 1334 740 1367 servantur.

327 1383 355 1411 C
382 1389 405 1411 A
434 1389 450 1411 Ρ
478 1388 500 1410 υ
530 1390 553 1411 τ
601 1379 655 1411 11.

303 1425 357 1457 De
378 1423 496 1467 Officio
513 1423 666 1458 Solen-mi.

197 1479 228 1503 1.
330 1468 459 1502 Fficium
486 1470 652 1509 solemne,
680 1470 763 1504 aliud

330 1514 428 1556 majus
441 1538 451 1553 ,
471 1516 552 1546 aliud
574 1516 687 1548 minus.

241 1573 273 1594 2.
293 1561 441 1593 solemne
469 1559 567 1601 majus
591 1560 625 1593 fit
653 1563 684 1593 in
709 1563 764 1594 As-

196 1606 362 1644 cenlione,
393 1607 424 1638 in
448 1605 618 1638 Dominica
642 1607 764 1640 san-stis·

195 1655 276 1687 {imae
304 1651 490 1688 Trinitatis,
520 1651 550 1682 iu
574 1651 661 1684 Festo
685 1657 762 1686 Cor-

192 1700 281 1742 poris
313 1697 451 1733 Christi,
479 1696 509 1727 in
541 1697 764 1731 Annive1sario

193 1743 417 1776 Dedicationis
445 1744 475 1774 in
502 1742 629 1784 propria
652 1743 764 1776 Eccle-

195 1789 259 1826 fia;
292 1788 325 1819 ὅ(
358 1789 388 1820 in
423 1786 515 1820 Festis
541 1788 570 1817 in
598 1789 709 1830 quibus
733 1791 763 1822 in

195 1833 386 1866 calendario
405 1832 576 1876 apponitur
594 1833 662 1866 haec
677 1847 738 1868 vox
753 1858 762 1874 ,

194 1880 342 1912 Solemne
362 1878 468 1920 majus.

243 1934 272 1966 3.
302 1922 455 1955 Officium
490 1925 637 1958 Solemne
664 1925 763 1966 majus

196 1968 233 2001 fit
257 1978 292 2001 ut
325 1969 468 2001 Annuale
484 1993 492 2007 ,
516 1981 657 2014 excepto
679 1972 764 2014 quod

196 2016 226 2047 in
243 2014 411 2047 Nosturnis
422 2016 459 2046 ad
476 2015 679 2058 Responioria
696 2017 762 2059 post

198 2060 311 2092 Gloria
348 2060 470 2096 Patri,
498 2069 559 2092 non
600 2061 764 2094 resumitur

196 2105 468 2149 Responsorium:
504 2107 556 2149 qui
589 2108 667 2138 ritus
700 2119 763 2139 non

195 2160 358 2188 mutatur,
394 2151 450 2183 etsi
477 2151 592 2183 alicubi
629 2150 685 2184 fiat
723 2153 761 2184 de

192 2195 283 2229 Festo
307 2195 444 2228 Solemni
473 2196 582 2238 majori
615 2206 761 2242 tanquam

194 2240 330 2275 Annuali
345 2242 463 2287 ,quoad
474 2242 568 2276 ritum
581 2252 761 2280 externum·

845 127 878 157 4.
910 116 1065 150 Officium
1092 117 1240 151 Solemne
1273 118 1377 154 minus

804 160 862 199 fit,
886 163 916 193 in
935 162 1032 195 festis
1060 163 1091 195 in
1118 165 1229 206 quibus
1259 164 1289 197 in
1312 169 1378 198 ca-

802 207 942 240 lendario
977 209 1150 251 apponitur
1181 210 1250 241 haec
1286 222 1375 249 vox,

803 250 946 283 Solemne
961 255 1068 284 minus.

849 307 877 336 5.
910 296 1063 329 Officium
1093 299 1167 330 illud
1191 298 1226 331 sit
1254 309 1289 331 ut
1315 299 1378 332 So-

800 340 903 372 lemne
932 354 1051 385 majus,
1079 346 1224 388 exceptis
1241 345 1376 387 sequen-

801 386 896 417 tibus.
922 387 955 418 In
982 397 1052 420 toto
1078 388 1199 421 Officio
1223 389 1374 422 dicuntur

800 429 907 462 Psalmi
932 433 1090 471 Fer-iales,
1117 434 1170 465 nisi
1201 435 1292 466 aliter
1316 447 1376 468 no·-

798 483 896 507 tetur.
910 477 979 509 Nec
1002 478 1115 510 dicitur
1132 479 1373 522 Responsorium

799 520 867 563 post
891 521 1074 564 Capitulum
1103 524 1126 554 l.
1147 524 1376 567 Vesperarum.

801 564 848 596 Ad
880 565 1032 598 Officium
1063 568 1196 607 Noffis,
1224 570 1376 603 invitato-

798 610 878 640 rium
915 612 959 642 bis
981 611 1094 644 dicitur
1123 623 1194 645 ante
1224 614 1374 647 Psalmum

803 652 912 686 Venite
926 678 935 691 ,
958 656 1023 699 post
1044 657 1157 688 Gloria
1174 657 1286 695 Patri,
1300 671 1373 692 cum

799 698 886 730 Sicut
896 712 972 738 erat,
984 703 1140 744 repetitur
1149 705 1165 733 :1
1176 703 1278 736 medio
1288 706 1376 748 quod

798 753 924 777 notatur
940 758 996 789 per
1017 747 1232 785 asteriscum‘,
1251 748 1282 780 &
1305 751 1375 791 pos-

797 792 850 820 tea
867 792 967 823 adhuc
1001 791 1122 836 integri:
1149 793 1274 825 dicitur.
1304 793 1374 826 Post

797 833 929 877 singulos
954 845 1061 868 autem
1087 837 1203 869 Versus
1234 841 1252 869 a
1272 840 1373 871 recla-

798 881 934 912 matione
966 881 1085 913 tantum
1112 881 1289 918 resumitur.
1321 884 1372 916 Ad

798 927 1053 968 Completorium
1079 936 1245 971 utrumque
1267 931 1372 960 omnia

798 979 832 1001 ut
844 971 872 1001 in
884 970 1032 1004 psalterio
1046 972 1193 1004 dicuntur
1203 996 1211 1009 ,
1229 973 1258 1004 ὃ(
1272 973 1373 1006 funili-

797 1024 847 1047 ter
858 1017 895 1047 ad
908 1016 1194 1060 Primam‚excepto
1205 1017 1292 1050 Festo
1301 1020 1374 1051 Cir-

797 1060 993 1094 cumcifionis
1012 1062 1116 1105 quod,
1136 1063 1208 1106 quia
1231 1065 1374 1106 complet

799 1105 952 1138 ORavam
967 1108 1090 1140 Natalis
1106 1108 1234 1140 Domini
1249 1132 1258 1146 ‚
1277 1108 1371 1150 hujus

798 1153 964 1195 privilegio
990 1153 1127 1190 fruitur,
1156 1153 1188 1186 δ(
1207 1154 1371 1198 proprium

799 1198 882 1230 illius
902 1198 979 1229 festi
995 1199 1088 1230 ritum
1112 1200 1239 1231 retinet.

907 1243 932 1274 C
959 1254 981 1275 Α
1009 1254 1026 1275 Ρ
1055 1254 1078 1275 υ
1109 1254 1132 1276 τ
1180 1243 1193 1275 1
1220 1244 1231 1275 1
1258 1243 1282 1275 1.

903 1289 958 1320 De
978 1287 1094 1332 Officio
1117 1289 1261 1332 Duplici.

802 1343 829 1366 1.
845 1337 918 1411 O
931 1333 1073 1376 Fflcium*
1097 1333 1228 1376 Duplex
1243 1357 1251 1372 ,
1287 1334 1371 1368 allud

932 1378 1032 1420 majus
1047 1401 1056 1415 ,
1074 1379 1159 1409 aliud
1179 1381 1289 1410 minus.

843 1435 872 1456 2.
896 1424 1029 1468 Duplex
1051 1422 1150 1466 majus
1169 1423 1203 1456 fit
1222 1425 1252 1456 in
1270 1424 1371 1457 Feriis

798 1467 830 1509 ij.
847 1469 879 1501 ὃ(
892 1469 935 1512 iij.
951 1470 1075 1503 Paschae
1097 1469 1128 1500 δι
1145 1467 1346 1502 pentecostes
1358 1486 1377 1507 9

799 1513 970 1547 Dominica
989 1516 1020 1546 in
1042 1515 1149 1549 Albis,
1162 1515 1191 1545 in
1205 1515 1254 1546 die
1270 1514 1373 1547 Oaa-

798 1571 836 1590 va
878 1559 1072 1593 Ascenfionis
1090 1583 1099 1598 ,
1136 1559 1167 1591 ὅ(
1213 1560 1370 1602 Corporis

797 1606 909 1638 Christi
927 1619 936 1644 ;
971 1607 1001 1637 in
1033 1607 1083 1637 die
1121 1603 1244 1637 Ofiava
1288 1605 1369 1639 Festi

798 1652 969 1690 Annualis5
989 1651 1020 1683 sc
1035 1653 1066 1683 in
1081 1650 1190 1682 diebus
1206 1651 1237 1682 in
1254 1651 1369 1697 quibus

796 1696 826 1728 in
865 1697 1054 1729 Calendario
1088 1695 1260 1739 apponitur
1297 1696 1367 1728 haec

796 1753 878 1780 vox,
900 1742 1031 1786 Duplex
1049 1741 1158 1783 majus.

843 1797 872 1830 3-
893 1788 1044 1820 Officium
1061 1787 1192 1829 Duplex
1211 1784 1309 1826 majus
1329 1785 1366 1817 fit

797 1843 832 1866 ut
868 1833 1015 1865 solemne
1061 1834 1162 1864 minus
1182 1853 1191 1868 ,
1223 1840 1366 1874 excepto

796 1878 880 1922 quod
903 1880 934 1911 in
966 1877 1182 1920 Responsoriis
1214 1875 1367 1908 brevibus

798 1925 978 1962 Horarum,
1006 1933 1098 1955 extra
1124 1923 1265 1963 Tempus
1294 1921 1364 1953 Pas-

796 1971 903 2005 chal-e,
920 1982 980 2002 non
999 1969 1113 2000 dicitur
1131 1965 1290 2001 Alleluia,
1310 1964 1364 1998 nifi

795 2016 886 2048 aliter
910 2025 1066 2051 notetur3
1095 2011 1237 2053 exceptis
1266 2012 1363 2042 etiarn

797 2061 897 2103 primo
928 2061 1032 2093 triduo
1066 2059 1133 2102 post
1172 2056 1284 2088 Pascha
1327 2057 1362 2086 ὅ(

797 2106 1015 2142 Pentecosten,
1036 2105 1068 2135 in
1081 2115 1144 2147 quo
1159 2099 1310 2133 Officium
1327 2099 1364 2132 fit

797 2160 831 2184 ut
847 2160 975 2184 notatur
993 2150 1123 2193 proprio
1139 2149 1229 2183 loco,
1253 2146 1283 2176 ὅ(
1299 2157 1364 2196 οφ·

794 2198 885 2229 nibus
911 2194 1103 2238 Duplicibus
1127 2191 1296 2240 majoribus
1329 2202 1361 2222 m

795 2243 876 2277 diem
903 2241 1106 2277 Dominicam
1129 2236 1341 2271 incidentibus
1348 2255 1364 2279 3
