1518 2574
489 78 494 81 ⁷
549 93 742 143 Sabbato
780 96 826 142 in
850 95 1000 143 Albis.

181 178 258 218 quae
269 177 341 202 non
358 158 507 199 audierit
525 159 751 212 Prophetam

182 221 278 256 ilium
293 244 302 260 ‚
321 213 610 252 exterminabitur
632 213 672 250 de
685 215 754 264 pie-

181 275 236 308 be.
272 270 319 306 Et
352 281 480 304 omncs
511 265 705 317 Prophetae
734 278 754 301 a

180 322 323 361 Samuel
340 347 348 362 ,
374 324 408 356 &
437 319 598 369 deinceps
621 322 680 370 qui
700 320 753 355 lo-

179 373 250 412 cfiti
266 372 360 414 ssint,
376 370 671 409 annuntiaverunt
686 370 757 409 dies

178 427 278 466 istos.
298 425 385 464 Vos
409 424 487 461 estis
504 422 570 460 filii
591 423 754 475 Prophe-

177 481 295 517 tarum
311 505 320 520 ,
356 483 391 515 &
427 475 624 514 testamenti
659 477 754 528 quod

178 530 462 583 disposuitDeus
485 530 528 568 ad
552 543 665 581 patres
691 543 753 565 no-

179 584 295 626 stros,
326 585 444 622 dicens
469 583 511 620 ad
542 580 755 619 Abraham:

179 642 214 674 &
244 641 277 674 in
310 635 442 674 {emine
465 648 527 672 tuo
548 635 753 672 benedicen-

180 702 238 726 tur
279 702 406 725 omnes
448 686 595 724 familia:
639 700 754 724 terrae.

181 737 304 781 Vobis
324 742 484 793 prin-nim
514 741 616 777 Deus
653 739 755 777 susci-

181 808 257 832 tans
274 793 406 831 Filium
425 797 521 829 [num
534 819 542 833 ,
569 791 657 829 mifit
674 805 755 829 eum

179 846 446 884 benedicentem
462 848 565 882 vobis
582 872 590 886 ‚
618 857 654 882 ut
670 858 755 882 con-

179 911 299 939 vertat
326 898 358 935 se
395 897 624 950 unusquisque
649 897 669 934 ὲ.
689 911 750 934 ne-

179 951 291 1005 quitia
322 950 392 988 sna.

232 1017 275 1052 gt.
289 1003 408 1044 Jesum
421 1004 441 1039 {a
456 1002 642 1040 Nazareth
656 1003 754 1040 susci-

179 1055 266 1095 ta'tvit
291 1058 393 1094 Deus
408 1055 512 1093 tertia
530 1057 582 1093 die
597 1083 605 1098 ,
621 1061 653 1092 ἅ
670 1069 755 1106 prae-

179 1109 273 1160 cepit
290 1113 391 1146 nobis
419 1106 613 1149 testificaris
631 1114 647 1128 ³‘
661 1109 753 1161 Quia

180 1163 250 1213 ipse
274 1160 323 1198 est
341 1165 399 1213 qui
417 1160 626 1198 constitutus
654 1162 703 1197 est
734 1162 754 1198 a

181 1214 270 1252 Deo
297 1215 399 1262 judex
415 1213 585 1251 vivorum
602 1219 635 1250 &
655 1227 755 1250 mor-

179 1267 338 1305 tuorum.
380 1264 534 1304 Anchisa
552 1294 561 1309 ,
604 1265 751 1304 allelt'tia.

179 1320 226 1366 ψ.
237 1321 407 1358 Correxit
419 1322 546 1356 orbem
559 1332 661 1356 terrae
672 1346 680 1361 ,
694 1323 751 1370 qui

180 1387 253 1409 non
265 1372 559 1410 commovebitur
573 1373 753 1421 :judicabit

179 1423 330 1476 pepulos
354 1428 389 1461 in
414 1425 596 1476 aequitates
624 1429 641 1446 ⁴‘
660 1424 753 1477 Quia

180 1476 266 1516 Λᾶ.
295 1490 354 1514 10.
381 1476 445 1527 Ps.
478 1492 538 1525 95.

363 1528 485 1568 LeHio
521 1530 564 1581 ij.

219 1581 350 1621 Sermo
380 1581 489 1620 saneti
519 1581 712 1635 Augustini

375 1635 564 1687 Episcopi.

177 1687 290 1727 Serm.
311 1693 399 1726 228.
427 1689 466 1726 in
484 1689 543 1726 die
559 1688 684 1741 Pas'clz.
712 1687 753 1728 V.

356 1756 392 1779 n.
421 1755 453 1778 1.
484 1741 515 1779 ἃ
542 1758 576 1779 2.

282 1793 338 1830 Ies
377 1792 485 1836 istos,
527 1799 650 1846 quibus
674 1793 754 1846 post

300 1845 496 1897 paffionem
514 1846 670 1884 Domini
686 1861 751 1884 no-

179 1897 239 1935 stri
264 1899 350 1935 Deo
374 1898 556 1936 cantamus
579 1898 751 1942 Allelt'tia,

178 1949 287 1989 festos
309 1949 478 1988 habemus
501 1955 534 1989 in
558 1950 676 1991 laetitia
703 1952 753 1990 us-

178 2016 247 2056 que
270 2005 313 2041 ad
332 2004 581 2048 Pentecosten,
609 2006 750 2057 quando

180 2054 295 2094 milsus
319 2056 367 2093 est
386 2057 426 2094 de
444 2059 545 2095 coelo
567 2054 752 2110 promissus

179 2108 331 2160 Spiritus
356 2108 506 2148 sanetus.
526 2112 583 2148 Ex
611 2109 662 2148 his
684 2111 752 2148 die-

179 2165 241 2199 bus
258 2161 389 2214 septem
406 2164 463 2201 vel
481 2166 568 2200 oeto
589 2167 647 2216 qui
660 2177 750 2201 nunc

181 2227 354 2267 aguntur,
385 2214 612 2255 sacramentis
639 2215 751 2256 infan-

1274 114 1360 157 339

787 152 875 197 tiuni
901 162 1120 213 deputantur.
1141 160 1231 214 ,Qui
1257 161 1364 214 paulo

787 210 867 255 ante
901 218 1127 251 vocabantur
1154 228 1365 265 competen-

786 278 854 307 tes,
875 267 988 303 mode>
1004 280 1183 305 vocantur
1198 267 1365 306 infantes.

787 317 1046 369 Competentes
1056 319 1261 358 dicebantur
1270 319 1366 373 ,quev-

788 373 887 407 niam
922 384 1083 409 materna
1119 371 1258 410 viscera
1279 400 1288 417 ‚
1328 385 1368 411 nt

788 422 1031 465 nascerentur,
1070 426 1220 476 petendo
1252 425 1367 478 pulsit-

787 479 886 512 bant.
906 475 1063 512 Infantes
1084 479 1264 521 dicuntur,
1283 484 1366 532 quia

787 527 902 565 modo
924 533 992 566 nati
1014 528 1090 566 sunt
1112 530 1282 573 Christo,
1304 536 1365 582 qui

789 580 887 632 prius
911 585 983 618 nati
1007 579 1145 619 ft'terant
1168 581 1302 620 seculo.
1320 584 1366 622 In

789 635 853 670 iilis
877 632 925 670 est
951 637 1025 672 vita
1046 634 1198 677 novata,
1225 649 1302 688 quae
1328 642 1364 674 in

788 690 893 723 vobis
921 687 1019 724 debet
1041 684 1103 724 effe
1132 687 1298 728 firmatas
1328 694 1366 727 Sc

790 743 847 791 qui
871 740 946 787 jam
971 738 1087 777 fideles
1105 740 1200 782 estis,
1224 754 1299 778 non
1318 746 1366 779 eis

789 794 950 843 exempla
966 818 976 834 ,
993 795 1113 844 quibus
1128 793 1273 844 pereant
1286 822 1292 835 ‚
1307 793 1364 832 sed

788 848 910 896 quibus
927 845 1123 895 proficiant
1139 873 1146 887 ,
1167 847 1365 898 praebeatis.

787 897 872 937 Jam
904 897 996 949 ipsos
1013 897 1201 951 alloquor,
1227 913 1263 937 ut
1279 913 1365 952 gra-

788 964 831 986 na
848 950 913 986 fint
941 954 975 987 in
993 950 1088 988 area.
1106 952 1191 990 Vos
1217 951 1362 997 frattes,

786 1016 855 1041 vos
887 1002 980 1044 filii,
1014 1018 1081 1041 vos
1114 1007 1255 1042 novella
1285 1005 1365 1057 ger·

788 1059 885 1092 mina
911 1061 1035 1094 matris
1053 1057 1220 1094 Ecclefiae
1233 1085 1242 1100 ,
1263 1057 1363 1095 obse-

789 1121 854 1145 cro
877 1122 946 1147 vos
963 1123 1024 1160 per
1041 1110 1140 1162 quod
1159 1112 1363 1162 accepistis,

787 1173 824 1198 ut
847 1161 1028 1199 attendatis
1052 1167 1084 1199 in
1105 1176 1187 1199 eum
1213 1168 1272 1216 qui
1293 1177 1364 1203 vos

786 1214 939 1252 vocavit
954 1241 962 1256 ,
990 1219 1046 1266 qui
1062 1216 1177 1252 dilexit
1197 1230 1265 1253 vos
1278 1243 1286 1258 ‚
1303 1221 1364 1269 qui

786 1266 944 1319 perditos
960 1266 1123 1319 quaesivit
1136 1282 1205 1305 vos
1223 1273 1298 1321 ,qui
1315 1273 1364 1307 in-

785 1333 913 1359 ventos
949 1320 1164 1358 illuminavit
1195 1335 1288 1363 vos,
1326 1334 1364 1360 ut

787 1386 859 1408 non
892 1372 1072 1410 sectemini
1101 1378 1176 1411 vias
1205 1374 1362 1425 perdito-

787 1438 868 1462 rum
885 1451 894 1468 ,
923 1428 956 1461 in
995 1429 1119 1478 quibus
1162 1441 1257 1464 errat
1294 1442 1362 1465 no-

786 1491 870 1515 men
898 1476 1068 1515 fidelium.
1102 1478 1237 1531 Eligite
1254 1484 1362 1519 vobis

786 1543 877 1583 quos
910 1531 1122 1574 imitemini,
1163 1529 1290 1571 Deum
1320 1538 1364 1571 ti-

787 1597 941 1626 mentes,
961 1584 1158 1622 Ecclesiam
1179 1586 1253 1623 Dei
1276 1600 1361 1624 cum

785 1636 918 1673 timere
959 1641 1127 1675 intrantes
1153 1665 1161 1680 ,
1207 1642 1360 1677 verbum

786 1689 860 1726 Dei
876 1690 1060 1741 diiigenter
1078 1691 1269 1731 audientes,
1291 1706 1363 1729 me-

787 1740 905 1778 moria
919 1747 1102 1781 retinentes
1117 1771 1123 1786 ,
1139 1745 1361 1797 cogitatione

787 1799 1002 1832 ruminantes
1016 1822 1025 1837 ,
1039 1794 1140 1834 factis
1162 1800 1361 1850 implentes.

837 1859 883 1894 Ψ.
918 1847 1005 1886 Una
1035 1850 1189 1892 sabbati,
1231 1850 1360 1889 Maria

784 1899 1003 1952 Magdaiene
1030 1903 1047 1919 ⁴
1082 1900 1196 1941 Venit
1240 1903 1359 1947 mane,

785 1953 870 1990 cnm
900 1953 1011 1991 adhuc
1048 1954 1199 1993 tenebrae
1232 1954 1361 2000 essent,

785 2005 826 2043 ad
859 2019 1150 2045 monumentum.
1179 2009 1359 2053 Alleluia,

784 2057 934 2096 ailelt'tia.
969 2060 1012 2105 fs.
1059 2062 1182 2099 Fortis
1225 2061 1274 2098 est
1324 2074 1360 2099 ut

784 2125 886 2148 mors
910 2112 1066 2150 dileetio.
1085 2119 1100 2134 ³‘
1121 2113 1245 2153 Venit.
1265 2113 1359 2152 Glo-

785 2168 835 2201 ria
854 2165 966 2203 Patri.
983 2170 1000 2186 '‘
1016 2166 1143 2206 Venit.
1163 2165 1273 2206 Jomz.
1298 2181 1361 2205 ιο.-

786 2216 891 2257 Cant.
916 2223 950 2256 8.

998 2274 1045 2318 Y
1083 2291 1106 2318 2
