1518 2574
527 70 720 119 Sabbato
740 72 840 129 post
865 72 1049 117 Cineres.

203 135 372 178 Homilia
394 135 603 174 venerabilis
620 135 722 173 Bedae

353 187 565 238 Presbyteri.

205 242 254 282 In
278 241 397 279 Marc.
421 240 502 278 Lib.
535 256 568 278 2.
602 240 640 278 C.
659 245 718 277 28.

178 296 366 387 LAbor
380 292 630 345 discipulorum
649 298 681 330 in
696 306 747 329 re-

258 347 451 399 migando,
483 351 518 383 &
548 345 764 382 contrarius

176 405 224 438 eis
260 412 405 443 ventus,
440 397 578 436 labores
620 397 746 434 sanotae

175 452 344 490 Ecclefiae
387 450 508 489 varios
555 450 709 503 dofignat
736 465 745 491 3

176 518 253 557 quae
286 508 376 542 inter
407 505 515 541 undas
547 503 648 540 seculi
680 503 739 541 ad—

175 557 368 597 versantis,
406 562 440 594 &
475 555 744 594 immundorum

174 611 275 647 flatus
294 607 496 661 spirituum,
526 609 569 646 ad
618 607 745 645 uietem

175 663 296 715 patria:
317 661 488 703 coeleffis,
519 622 616 711 quai}
640 661 683 698 ad
708 660 746 697 fi-

178 712 419 758 dam,littoris
447 712 635 750 stationem
669 726 745 764 per-

174 771 295 804 venire
311 765 472 803 conatur.
497 766 572 804 Ubi
590 769 676 803 bene
693 764 745 803 di-

176 824 266 857 citur
286 822 365 870 quia
394 823 494 856 navis
523 831 598 856 erat
615 823 648 855 in
670 818 744 855 mo-

177 872 236 909 dio
269 875 382 913 mari,
425 876 459 908 &
488 870 556 922 ipse
587 870 680 910 {olus
710 875 744 908 in

175 937 269 961 terra
283 938 292 964 3
310 927 390 975 quia
406 937 661 975 nonnunquam
676 925 746 962 Ec-

176 976 279 1015 clesia
307 980 410 1013 tantis
438 976 641 1013 Gentilium
659 975 745 1028 pres-

175 1028 263 1066 suris
283 1043 357 1065 non
373 1028 491 1065 solum
509 1028 638 1066 afflitsta
654 1056 663 1073 ,
691 1029 748 1067 sed

177 1086 212 1119 ὃ(
238 1080 377 1120 foedata
416 1080 488 1121 est3
521 1095 581 1124 ut,
613 1081 636 1118 fi
668 1080 747 1119 fieri

179 1132 289 1185 poll'et
314 1161 323 1177 ‚
370 1134 595 1185 Redemptor
644 1133 748 1185 ipsius

176 1200 259 1222 eam
306 1186 450 1237 prorsus
493 1183 665 1224 deseruisse
706 1187 749 1225 ad

180 1252 316 1289 tempus
342 1238 533 1276 videretur.

232 1304 275 1339 ιγ.
309 1291 446 1329 Videns
481 1291 578 1332 Jesus
603 1290 750 1344 discipu-

180 1345 234 1381 los
249 1346 449 1381 laborantes
463 1348 496 1381 in
513 1346 724 1397 remigando
740 1371 748 1387 ‚

179 1401 196 1417 ‘’‘
216 1396 329 1433 Venit
358 1396 402 1434 ad
437 1410 520 1438 cos,
565 1396 749 1434 ambulans

180 1448 280 1500 supra
299 1461 416 1488 mares
434 1454 467 1486 ὃς
482 1449 684 1497 †Ascendit
707 1451 750 1488 ad

180 1503 258 1538 illos
275 1505 310 1538 in
344 1505 491 1543 navim,
534 1507 567 1540 ὃ(
605 1501 750 1548 cessavit

180 1567 315 1592 ventus.
354 1555 398 1600 ψ.
437 1553 611 1592 Graditur
650 1555 749 1606 super

180 1606 303 1643 fluetus
333 1611 461 1649 maris,
490 1606 576 1644 facit
594 1621 726 1660 magna
743 1635 752 1651 ‚

180 1664 215 1696 <Sc
230 1659 598 1710 incomprehensibilia
610 1687 617 1699 ‚
638 1665 670 1697 &
687 1665 753 1698 mi-

180 1711 304 1748 rabilia
324 1717 362 1748 z*
381 1712 510 1749 Venit.
539 1711 671 1750 Gloria
686 1714 753 1750 Pa-

182 1766 267 1810 tri.†
277 1763 456 1801 Ascendit.
469 1764 628 1802 Mamo.
637 1764 705 1804 Iob
717 1781 751 1812 9.

236 1815 306 1853 Ad
322 1817 645 1854 BenedictusAnt.
659 1818 751 1856 8.G.

183 1868 227 1905 In
243 1867 364 1919 plateis
378 1868 555 1919 ponebant
579 1869 753 1913 infirmos,

182 1933 220 1956 ut
251 1921 305 1958 vel
342 1919 528 1959 fimbriam
555 1922 752 1961 vestimenti

184 1971 262 2013 Jesu
289 1971 496 2025 tangerents
520 1979 553 2011 &
574 1988 755 2026 quotquot

183 2024 378 2077 tangebant
389 2040 471 2064 eum
481 2053 490 2069 ,
508 2027 593 2066 salvi
609 2027 751 2066 fiebant.

182 2076 303 2115 Marc.
337 2086 369 2115 6.
461 2079 600 2118 Oratio.

184 2130 417 2222 ADcsto,
436 2132 619 2176 Domine,
631 2133 753 2185 suppli-

293 2183 486 2224 cationibus
524 2184 654 2225 nostris
681 2201 689 2225 :
716 2192 752 2226 &

1263 87 1278 115 1
1291 76 1317 115 6
1327 86 1344 130 5

779 135 937 172 concede
951 162 959 177 ‚
978 148 1013 172 ut
1034 134 1107 172 hoc
1127 134 1285 172 solemne
1305 136 1356 182 je-

778 184 913 233 junium
927 213 936 229 ‚
965 188 1063 239 quod
1079 187 1258 224 animabus
1270 198 1353 223 cor-

779 239 988 291 poribusque
1017 241 1176 278 curandis
1203 238 1351 276 salubri-

778 304 831 328 ter
845 290 1037 328 institutum
1055 292 1122 333 est,
1135 291 1268 329 devoto
1284 290 1355 328 ser-

780 341 872 381 vitio
889 344 1115 384 celebremuss
1129 346 1198 382 Per
1212 342 1353 382 Domi·

780 409 866 433 num
887 395 1064 433 nostrum.

907 448 936 486 C
962 449 1002 485 A
1035 447 1084 487 N
1109 448 1143 487 Ο
1179 448 1234 486 Ν.

779 501 835 538 Ex
870 500 1009 553 Regula
1037 501 1210 539 canonica
1242 501 1353 539 sancsti

831 553 1094 606 Chrodogandi
1106 582 1113 594 .
1125 554 1301 606 Episcopi

975 605 1153 644 Metensis.

805 658 907 696 Ante
932 673 1020 697 ann.
1048 667 1136 704 766.
1162 673 1227 708 cap
1266 671 1331 697 20:

778 711 936 803 LIcet
959 716 1060 750 omni
1085 712 1251 763 tempore
1277 716 1355 749 vita

880 763 1170 819 Christianorum
1209 763 1357 816 simplex

778 817 900 856 debeat
927 817 1012 860 efle,
1042 815 1201 855 maxime
1230 823 1354 855 tamen

778 870 946 923 religiosis
982 870 1154 908 mentibus
1185 869 1357 908 convenit

779 937 815 960 ut
837 923 889 960 his
911 922 1252 975 (Quadragefimae)
1283 921 1358 960 die-

779 979 843 1013 bus
870 975 1108 1013 continentius
1144 980 1293 1017 vivant,
1317 979 1356 1013 δε

779 1028 894 1066 sedula
910 1027 1072 1066 servitute
1090 1029 1180 1066 Deo
1200 1027 1355 1066 adbaer&

780 1095 818 1119 re
841 1082 1070 1119 contendant.

807 1135 900 1172 AD
946 1132 1328 1183 VESPERAS.

781 1186 920 1237 Psizlmi
937 1187 967 1225 δ’
987 1187 1145 1236 Antiph.
1178 1187 1222 1225 de
1247 1185 1355 1237 Psal-

782 1251 881 1278 terzo.

829 1291 1051 1342 Capitulum.
1108 1295 1229 1330 Levit.
1254 1300 1314 1330 16.

784 1346 876 1435 IN
908 1345 975 1383 hac
988 1346 1041 1383 die
1055 1345 1204 1396 expiatio
1219 1349 1284 1382 erit
1296 1358 1357 1384 ve-

817 1396 919 1440 stri,
952 1411 1056 1451 atque
1085 1397 1270 1436 mundatio
1311 1401 1355 1435 ab

781 1450 946 1488 omnibus
964 1450 1117 1502 peccatis
1129 1451 1276 1489 vestris:
1294 1464 1358 1487 co-

782 1517 862 1541 ram
881 1502 1053 1541 Domino
1074 1503 1331 1541 mundabimini
1348 1516 1359 1541 3

784 1555 967 1594 sabbatum
1006 1559 1102 1592 enim
1133 1554 1359 1608 requietionis

785 1608 858 1646 est:
884 1614 918 1646 &
948 1608 1107 1660 affligetis
1131 1609 1269 1646 animas
1297 1622 1359 1647 ve-

787 1660 876 1698 stras
907 1661 1077 1714 religione
1111 1661 1290 1713 perpetua.

838 1713 1020 1764 Hymnus,
1044 1715 1164 1757 Audi,
1193 1717 1359 1766 benigne.

787 1767 830 1813 ψ.
853 1766 1026 1818 Tempus.
1057 1780 1141 1814 154.

827 1818 898 1857 Ad
908 1817 1142 1872 Magnificat.
1156 1818 1252 1857 Ant.
1263 1834 1299 1867 4.
1310 1820 1362 1858 E.

787 1871 880 1924 Quia
908 1871 1040 1923 patiens
1071 1872 1254 1910 Dominus
1287 1871 1361 1915 est,

788 1928 821 1962 in
850 1924 921 1961 hoc
944 1920 1018 1975 ipso
1044 1925 1298 1977 poeniteamus
1324 1930 1362 1962 &

787 1976 1043 2029 indulgentiam
1082 1979 1177 2027 ejus,
1212 1976 1290 2015 fufis
1314 1976 1363 2014 la-

787 2034 936 2080 crymis,
953 2028 1171 2081 postulemus
1182 2028 1311 2069 Juditlz
1324 2035 1359 2067 8.

815 2083 959 2121 Oratio.
977 2093 1017 2120 ut
1028 2081 1125 2130 infriz
1137 2082 1188 2119 ad
1202 2081 1362 2119 Laudes.

784 2135 868 2174 AD
887 2133 1366 2179 COMPLETORIUM,

919 2198 958 2226 ut
973 2186 1085 2240 J'uprc‘z
1098 2215 1107 2231 ,
1136 2201 1150 2225 1
1163 2200 1176 2235 ς
1189 2200 1220 2236 5.
