1518 2574
188 111 286 163 1va

214 175 217 178 ⁴
332 166 361 194 C
385 171 406 194 Α
431 171 449 194 r
477 170 502 194 υ
527 172 551 194 τ
597 163 643 196 V.

346 208 401 239 De
411 206 630 255 xArztiplzom'st

199 266 232 291 χ,
329 252 360 283 D
380 263 488 284 omnes
508 253 626 289 Horas,
639 253 771 286 Nossut-

329 308 382 328 nas
410 296 443 328 &
470 297 626 336 Diurnas,
649 298 772 341 semper

195 356 271 379 cum
296 342 420 375 Psalmis
446 343 593 374 dicuntur
616 344 772 387 Antipho-

196 402 246 422 nae
261 411 270 427 ,
292 388 343 419 vel
374 398 433 418 una
450 410 458 424 ‚
478 388 528 418 vel
550 388 656 430 plures
671 409 682 424 ,
714 399 772 430 pro

197 431 375 468 diversitate
396 431 505 464 Officii
528 433 560 464 ὃ(
582 432 750 464 Horarum.

242 490 275 511 2.
297 478 329 510 Si
356 477 394 508 de
421 477 581 519 Tempore
606 476 661 509 fiat
689 476 771 509 Offi-

193 523 297 560 cium,
324 524 401 565 puta
427 525 465 553 de
493 522 684 558 Dominica,
715 531 770 554 aut

193 570 232 601 de
263 569 370 604 Feri-1,
394 568 540 599 dicuntur
568 567 599 599 in
626 567 768 598 omnibus

191 614 308 651 Horis,
333 611 500 645 Nofhirnis
535 614 586 644 vel
617 611 768 649 Diurnis,

194 660 386 701 Antiphone:
411 658 478 700 post
500 657 630 689 psalmos
647 679 656 694 ,
679 665 714 688 ut
736 657 767 687 in

192 703 342 737 Psalterio
376 701 558 738 habentur,
592 700 646 734 nist
676 702 767 733 aliter

193 757 334 781 notetur.
366 748 557 789 Antiphonae
589 746 695 790 positae
729 746 766 777 ad

191 793 446 836 Completorium
470 792 500 823 in
531 791 678 824 psalterio
703 802 765 823 non

191 847 378 874 mutantur,
399 836 452 868 nifi
471 838 503 868 in
526 837 619 869 Festis
640 838 766 868 Annua-

190 884 273 916 libus
291 907 300 921 ,
328 892 382 915 aut
413 882 609 914 solemnibus
641 881 766 922 majori-

191 928 272 965 bus,
306 938 343 959 ac
373 937 430 970 per
467 937 574 958 eorum
604 926 764 962 oetavas,

189 974 316 1016 quando
339 972 375 1004 fit
398 970 550 1004 Officium
569 972 607 1003 de
626 970 760 1002 ouava.

189 1018 275 1050 Intra
311 1017 452 1049 Ofkavas
477 1025 580 1048 tamen
607 1016 764 1047 Festorum

189 1063 347 1099 Domini,
372 1060 488 1093 etiamsi
520 1060 672 1093 Officium
703 1073 764 1092 non

189 1109 247 1139 fiat
271 1110 310 1139 de
332 1106 477 1143 Onna,
503 1106 649 1138 dicuntur
670 1105 766 1137 Anti-

190 1154 306 1195 phonae
325 1153 362 1183 de
379 1150 500 1183 ORava
513 1173 522 1186 ‚
545 1151 599 1183 nisi
617 1159 765 1182 occurrat

188 1197 276 1230 aliud
308 1196 427 1228 Festum
457 1196 575 1228 habens
606 1195 767 1238 Antipho-

188 1254 245 1275 nas
270 1242 423 1286 proprias.

235 1296 263 1329 3.
285 1288 317 1318 ln
332 1286 423 1318 Pestis
446 1285 708 1328 Semiduplicibus
730 1286 763 1318 &

188 1333 299 1376 suprii,
330 1332 521 1373 Antiphonae.
553 1332 689 1373 quinque
720 1331 765 1362 di-

190 1387 308 1410 cuntur
328 1376 365 1407 ad
388 1375 508 1408 Laudes
531 1376 564 1408 &
585 1375 741 1418 Vesperas
754 1399 764 1414 ,

190 1422 253 1455 five
280 1433 321 1453 ex
347 1421 495 1463 Proprio‚
515 1421 577 1452 sive
599 1431 638 1452 ex
665 1420 763 1452 Com-

189 1466 275 1500 muni
290 1465 483 1498 Sanfiorum.
500 1466 533 1497 ln
547 1465 763 1507 Simplicibus,

189 1513 226 1544 ὅ(
250 1514 280 1543 in
302 1512 412 1543 diebus
442 1511 522 1542 intra
552 1511 692 1542 ouavas
716 1515 765 1542 te-

189 1558 286 1589 cundi
311 1565 366 1588 aut
386 1555 475 1587 tertii
500 1555 629 1592 ordinis,
655 1554 762 1587 Psalmi

188 1604 339 1634 dicuntur
368 1600 421 1632 sub
459 1601 547 1632 unica
581 1599 761 1642 Antiphona

189 1648 318 1690 propria
334 1669 342 1683 ,
358 1646 409 1677 vel
425 1645 463 1676 de
487 1645 673 1682 Communi,
691 1657 773 1687 que&

188 1693 229 1724 ad
255 1692 375 1723 Laudes
401 1689 445 1721 est
473 1699 582 1734 quarta
611 1690 760 1722 Laudum.

190 1737 224 1768 In
244 1734 508 1778 Semiduplicibus
531 1735 562 1767 ὅ(
589 1733 696 1777 supra,
724 1736 762 1766 ad

189 1782 295 1814 Horas
315 1780 450 1812 similiter
463 1803 472 1818 ,
493 1791 556 1811 tam
576 1780 608 1811 in
633 1778 762 1822 Proprio

189 1827 228 1858 de
255 1826 415 1869 Tempore
440 1828 530 1867 quam
557 1825 594 1857 de
623 1823 760 1862 Sanffis,

186 1871 312 1914 quando
360 1871 496 1912 propriae
540 1870 695 1902 habentur
731 1871 760 1900 in

188 1916 346 1947 Laudibus
383 1916 574 1957 Antiphonae
593 1937 602 1951 ,
633 1914 665 1946 ὅ(
694 1915 761 1946 axiae

188 1962 327 2003 propriae
350 1972 411 1991 non
436 1959 554 1991 fuerint
581 1959 618 1990 ad
640 1959 761 1998 Horas,

187 2005 350 2037 sumuntur
379 2015 417 2036 ex
440 2004 596 2036 Laudibus
625 2004 685 2035 hoc
712 2016 763 2037 or-

186 2050 259 2081 dine
283 2062 290 2080 :
321 2050 367 2081 Ad
396 2049 547 2087 Primam,
576 2050 697 2092 prima;
724 2050 762 2082 ad

186 2095 328 2126 Tertiam
344 2116 353 2132 ,
376 2093 528 2131 secunda,
553 2094 592 2125 ad
611 2093 737 2126 Sextam
751 2118 761 2134 ,

189 2142 303 2177 tertia,
327 2139 359 2171 ὃ(
375 2140 412 2170 ad
434 2140 558 2171 Nonam
578 2138 695 2181 quinta.

232 2196 264 2222 4.
288 2184 448 2226 Tempore
472 2183 607 2216 Paschali
623 2206 632 2221 ,
651 2193 712 2215 tam
731 2184 761 2216 in

187 2227 310 2264 Officio
341 2229 380 2263 de
412 2229 574 2273 Tempore
604 2230 696 2273 quiun
722 2230 762 2264 de

555 106 784 149 Rubricatum
809 110 1026 156 generalium

796 163 922 196 *Sanftis
937 186 946 201 ,
965 163 1071 196 Psalmi
1095 163 1241 196 dicuntur
1257 163 1295 197 ad
1312 165 1380 200 No-

804 207 944 240 ‹Fturnum
968 209 1021 240 sub
1040 221 1098 240 una
1120 211 1317 252 Antiphona,
1341 218 1378 243 ut

805 252 835 284 in
863 253 921 285 suis
941 254 1018 285 locis
1052 255 1203 296 ponitur,
1232 253 1378 298 exceptis

804 305 907 328 tamen
931 297 1023 330 Pestis
1047 300 1238 331 Annuahbus
1263 301 1295 331 ὅ(
1316 300 1381 332 So·

804 342 956 374 lemnibus
997 342 1165 384 majoribus
1180 366 1188 380 ,
1227 345 1293 386 ipso
1324 345 1376 377 die

805 387 901 418 festo.
922 387 969 418 Ad
990 389 1064 419 alias
1082 388 1182 420 Horas
1196 411 1205 426 ,
1227 390 1257 420 in
1282 389 1377 422 Festis

805 430 1066 474 semiduplicibus
1107 433 1139 464 ὅ(
1167 434 1277 475 supra,
1300 435 1378 466 nihil

804 484 942 507 mutatur
972 478 1002 508 in
1022 488 1153 509 numero
1176 480 1376 521 Antiphona-

803 532 890 558 rum,
916 520 965 551 sed
992 522 1021 552 in
1044 521 1105 553 fine
1127 524 1264 555 omnium
1288 524 1377 556 addi-

802 572 853 596 tur
874 565 1036 602 Alleluia,
1054 567 1136 608 quod
1156 569 1174 598 a
1194 568 1380 612 ,Septuage-

802 608 872 640 sima
900 610 993 652 usque
1014 611 1051 641 ad
1080 612 1195 643 Pascha
1215 615 1351 645 demitur
1366 637 1376 652 ,

801 654 834 685 &
844 655 998 686 omittitur
1007 655 1195 698 ubicumque
1203 659 1376 701 reperitur.

847 710 873 739 5.
897 700 1087 741 Anti-plumae
1111 701 1142 732 in
1173 712 1373 746 quocumque

801 742 921 776 Officio
938 745 1048 776 eodem
1071 745 1192 788 semper
1215 747 1307 779 modo
1327 748 1378 781 di-

799 798 914 820 cuntur
937 811 946 827 ,
991 791 1141 822 videlicet
1185 790 1374 826 inchoantur

799 833 918 866 tantum
931 843 1004 866 ante
1024 834 1156 868 Psalmos
1171 835 1203 867 ὅ(
1215 837 1349 870 Cantica
1360 849 1374 876 3

800 880 833 910 ἃ
854 879 922 922 post
943 880 1075 912 psalmos
1097 881 1131 913 δι
1153 882 1307 920 Cantica,
1326 883 1377 915 in-

799 933 896 967 tegrae
914 924 1071 956 dicuntur.

842 975 872 1000 o.
891 969 1101 1012 Excipiuntur
1120 972 1157 1002 ab
1183 972 1239 1004 hac
1261 974 1373 1016 regula

797 1013 989 1056 Antiphonae
1009 1015 1143 1056 majores
1158 1016 1188 1048 in
1202 1017 1373 1056 Adventu,

797 1071 868 1102 quae
888 1062 931 1091 (l.
954 1068 1119 1092 vocantur.
1139 1061 1199 1093 Hae
1220 1064 1303 1094 enim
1323 1063 1373 1095 bis

797 1112 985 1146 repetuntur
1006 1105 1157 1148 integrae3
1187 1106 1289 1149 primo
1311 1107 1374 1139 sci-

797 1149 894 1184 licet,
907 1158 979 1180 ante
990 1150 1178 1195 li1agnijz‘cat
1187 1174 1196 1190 ,
1211 1150 1350 1184 secundo
1361 1174 1373 1190 ,

798 1194 864 1236 150st
904 1194 991 1225 Sicut
1025 1205 1104 1227 crae.
1138 1196 1172 1228 Si
1207 1208 1265 1239 pro
1307 1197 1371 1230 sola

799 1241 1107 1272 Commemoratione
1137 1241 1299 1280 dicantur,
1326 1244 1374 1274 se·

798 1285 859 1316 mel
878 1282 996 1316 tantum
1011 1285 1170 1318 dicuntur.

840 1341 870 1370 7.
883 1329 915 1359 ln
927 1327 1046 1361 Officio
1058 1332 1139 1372 quod
1151 1331 1264 1374 absque
1275 1338 1370 1364 cantu
1416 1363 1417 1366 ,

798 1374 949 1405 recitatur
966 1396 976 1411 ,
1022 1374 1131 1406 Psalmi
1168 1376 1201 1407 &
1234 1376 1386 1408 Cantica.

796 1419 981 1451 inchoantur
994 1418 1106 1462 absque
1118 1420 1369 1464 Antiphon-‚rum

796 1463 1003 1505 impositione.

839 1509 868 1540 8.
883 1509 1020 1548 Quando
1040 1508 1142 1551 aliqua
1164 1508 1200 1542 fit
1218 1515 1370 1544 Comme-

795 1563 928 1585 moratu)
945 1575 954 1589 ,
982 1552 1103 1595 semper
1134 1555 1249 1588 dicitur
1275 1557 1372 1589 Anti-

795 1598 900 1641 phona
921 1609 993 1630 cum
1013 1598 1178 1632 Versiculo
1191 1610 1264 1633 ante
1284 1601 1373 1634 Ora-

796 1644 931 1681 tionem,
952 1654 1021 1685 quae
1044 1643 1173 1677 sumitur
1191 1656 1232 1677 ex
1247 1646 1370 1679 Officio

796 1690 878 1731 quod
911 1688 1061 1721 convenit
1101 1691 1131 1722 ei
1161 1691 1199 1723 de
1234 1703 1296 1733 quo
1332 1691 1368 1724 fit

795 1735 1088 1772 Commemorati03
1112 1735 1155 1766 ita
1182 1745 1217 1768 ut
1239 1738 1271 1768 in
1290 1737 1371 1770 Ves-

796 1779 880 1820 peris
907 1779 1043 1810 sumatur
1080 1780 1260 1823 Antiphona
1294 1794 1366 1824 quae

796 1822 962 1866 assignatur
985 1825 1023 1855 ad
1050 1824 1257 1870 lislagnfficat,
1283 1827 1315 1858 ὅ(
1333 1829 1366 1860 in

796 1869 973 1906 Laudibus,
1004 1881 1074 1911 quae
1099 1871 1136 1902 ad
1162 1871 1368 1910 Benediflus,

796 1925 866 1944 cum
888 1913 1053 1946 versiculis
1067 1916 1119 1957 qui
1132 1917 1284 1949 habentur
1299 1917 1365 1960 post

795 1959 974 2001 Hymnum,
998 1958 1051 1991 nisi
1069 1960 1158 1993 aliter
1172 1972 1311 1994 noietur.

839 2017 871 2040 ¹)-
900 2005 1038 2037 sabbato
1066 2014 1138 2038 ante
1170 2007 1368 2051 Septuagefi-

795 2060 874 2080 mam
906 2049 1029 2081 additur
1061 2049 1204 2083 Alleluia
1237 2053 1268 2085 in
1302 2053 1365 2085 fine

795 2094 876 2125 illius
896 2094 1088 2136 Antiphonae
1104 2107 1173 2138 quae
1190 2097 1367 2130 immediate

796 2140 965 2182 praecedi:‚
990 2140 1044 2171 vel
1081 2140 1282 2184 Capitulum,
1311 2145 1366 2176 vel

796 2185 1135 2218 Con-»memorationem
1167 2188 1368 2232 Septuagefi·

794 2242 852 2265 mae
877 2230 908 2264 in
938 2228 1088 2274 Vesperis
1107 2231 1191 2268 illius
1217 2234 1366 2273 &abbam
